<collection xmlns="http://www.loc.gov/MARC21/slim">
<record>
  <leader>00909nam0a22002051i 450 </leader>
  <controlfield tag="001">IT\ICCU\CNCE\049845</controlfield>
  <controlfield tag="005">20060801000000.0</controlfield>
  <datafield tag="100" ind1=" " ind2=" ">
    <subfield code="a">19991129d1571        0itac0103    ba</subfield>
  </datafield>
  <datafield tag="101" ind1=" " ind2=" ">
    <subfield code="a">LAT</subfield>
  </datafield>
  <datafield tag="102" ind1=" " ind2=" ">
    <subfield code="a">IT</subfield>
  </datafield>
  <datafield tag="200" ind1="1" ind2=" ">
    <subfield code="a">Nonnullae constitutiones, priuilegia, et reformationes additionesque statutorum ciuitatis regii ad omnium utilitatem pertinentes</subfield>
  </datafield>
  <datafield tag="210" ind1=" " ind2=" ">
    <subfield code="a">Regii</subfield>
    <subfield code="c">Herculianus Bartholus excudebat</subfield>
    <subfield code="d">1571</subfield>
  </datafield>
  <datafield tag="215" ind1=" " ind2=" ">
    <subfield code="a">\5!, 107, \17! c.</subfield>
    <subfield code="d">4ʻ</subfield>
  </datafield>
  <datafield tag="620" ind1=" " ind2=" ">
    <subfield code="a">IT</subfield>
    <subfield code="d">Reggio Emilia</subfield>
  </datafield>
  <datafield tag="700" ind1=" " ind2="1">
    <subfield code="a">Merli,</subfield>
    <subfield code="b">Riccio</subfield>
    <subfield code="3">IT\ICCU\CNCA\015700</subfield>
  </datafield>
  <datafield tag="712" ind1="0" ind2="0">
    <subfield code="a">Bartoli, Ercoliano</subfield>
    <subfield code="3">IT\ICCU\CNCT\000022</subfield>
    <subfield code="4">650</subfield>
  </datafield>
  <datafield tag="791" ind1="0" ind2="0">
    <subfield code="a">Bartholus, Herculianus</subfield>
    <subfield code="3">IT\ICCU\CNCT\003626</subfield>
    <subfield code="z">Bartoli, Ercoliano</subfield>
  </datafield>
  <datafield tag="791" ind1="0" ind2="0">
    <subfield code="a">Bartholi, Hercoliano</subfield>
    <subfield code="3">IT\ICCU\CNCT\004301</subfield>
    <subfield code="z">Bartoli, Ercoliano</subfield>
  </datafield>
  <datafield tag="801" ind1=" " ind2="3">
    <subfield code="a">IT</subfield>
    <subfield code="b">ICCU</subfield>
    <subfield code="c">20201115</subfield>
  </datafield>
  <datafield tag="899" ind1=" " ind2=" ">
    <subfield code="a">Biblioteca delle Facolt ̉di giurisprudenza e di lettere e filosofia dell&apos;Universit ̉degli studi di Milano. Milano</subfield>
    <subfield code="1">MI0190</subfield>
    <subfield code="2">USM A6</subfield>
  </datafield>
</record>
</collection>
